@article{a,
  author  = "Anne Author",
  title   = "Thoughts",
  journal = "Circularity Today",
  year    = 3001,
  volume  = 1,
  number  = 2,
  pages   = "3--4",
}
@article{b,
  author  = "Anne Author and Bert Buthor",
  title   = "Further Thoughts",
  journal = "Circularity Today",
  year    = 3005,
  volume  = 5,
  number  = 6,
  pages   = "7--8",
}
@article{c,
  author  = "Anne Author and Bert Buthor and Carla Cuthor",
  title   = "Final Thoughts",
  journal = "Circularity Today",
  year    = 3009,
  volume  = 9,
  number  = 10,
  pages   = "11--12",
}
@misc{wiki:Sapir-Whorf-Hypothese,
	author = "Wikipedia",
	title = "{Sapir-Whorf-Hypothese} --- {W}ikipedia{,} The Free Encyclopedia",
	year = "2023",
	howpublished = {\url{http://de.wikipedia.org/w/index.php?title=Sapir-Whorf-Hypothese&oldid=234438742}},
	note = "[Online; aufgerufen 30. Oktober 2023]"
 }
 @misc{wiki:Benjamin_Lee_Whorf,
   author = "Wikipedia",
   title = "{Benjamin Lee Whorf} --- {W}ikipedia{,} The Free Encyclopedia",
   year = "2023",
   howpublished = {\url{http://de.wikipedia.org/w/index.php?title=Benjamin\%20Lee\%20Whorf&oldid=235528111}},
   note = "[Online; aufgerufen 31. Oktober 2023]"
 }
 @misc{cartoon:Inuit,
   author = "Dave Coverly",
   title = "Did you know that suburban white males have over 100 words for \enquote{lawn}",
   year = 2009,
   howpublished = {\url{https://www.speedbump.com/}},
 }
  @misc{image:B_L_Whorf,
   author = "Yale",
   howpublished = {\url{https://ling.yale.edu/sites/default/files/images/whorf.jpg}},
 }