@misc{wiki:Sapir-Whorf-Hypothese,
	author = "Wikipedia",
	title = "{Sapir-Whorf-Hypothese} --- {W}ikipedia{,} The Free Encyclopedia",
	year = "2023",
	howpublished = {\url{http://de.wikipedia.org/w/index.php?title=Sapir-Whorf-Hypothese&oldid=234438742}},
	note = "[Online; aufgerufen 30. Oktober 2023]"
 }
 @misc{wiki:Benjamin_Lee_Whorf,
   author = "Wikipedia",
   title = "{Benjamin Lee Whorf} --- {W}ikipedia{,} The Free Encyclopedia",
   year = "2023",
   howpublished = {\url{http://de.wikipedia.org/w/index.php?title=Benjamin\%20Lee\%20Whorf&oldid=235528111}},
   note = "[Online; aufgerufen 31. Oktober 2023]"
 }
 @misc{cartoon:Inuit,
   author = "Dave Coverly",
   title = "Did you know that suburban white males have over 100 words for \enquote{lawn}",
   year = 2009,
   howpublished = {\url{https://www.speedbump.com/}},
 }
  @misc{image:B_L_Whorf,
   author = "Yale",
   howpublished = {\url{https://ling.yale.edu/sites/default/files/images/whorf.jpg}},
 }